
@article{Gillespie,
	title = {Exact {Stochastic} {Simulation} of {Coupled} {Chemical} {Reactions}},
	volume = {81.25},
	journal = {Journal of Physical Chemistry},
	author = {Gillespie, Daniel},
	year = {1977},
	pages = {2340--2361}
}
@Book{rmarkdown,
  title = {R Markdown: The Definitive Guide},
  author = {Yihui Xie and J.J. Allaire and Garrett Grolemund},
  publisher = {Chapman and Hall/CRC},
  address = {Boca Raton, Florida},
  year = {2018},
  note = {ISBN 9781138359338},
  url = {https://bookdown.org/yihui/rmarkdown},
}

@article{Marwick,
	title = {Packaging {Data} {Analytical} {Work} {Reproducibly} {Using} {R} (and {Friends})},
	volume = {72},
	copyright = {All rights reserved},
	issn = {0003-1305},
	url = {https://www.tandfonline.com/doi/full/10.1080/00031305.2017.1375986},
	doi = {10.1080/00031305.2017.1375986},
	number = {1},
	journal = {The American Statistician},
	author = {Marwick, Ben and Boettiger, Carl and Mullen, Lincoln},
	month = jan,
	year = {2018},
	keywords = {Computational science, Data science, Open source software, Reproducible research},
	pages = {80--88},
	file = {Submitted Version:/home/cboettig/Zotero/storage/RUUIBZXD/Marwick et al. - 2018 - Packaging Data Analytical Work Reproducibly Using .pdf:application/pdf}
}
@article{Boettiger2010,
	title = {Fluctuation domains in adaptive evolution},
	volume = {77},
	issn = {00405809},
	url = {https://linkinghub.elsevier.com/retrieve/pii/S0040580909001130},
	doi = {10.1016/j.tpb.2009.10.003},
	language = {en},
	number = {1},
	urldate = {2020-02-07},
	journal = {Theoretical Population Biology},
	author = {Boettiger, Carl and Dushoff, Jonathan and Weitz, Joshua S.},
	month = feb,
	year = {2010},
	pages = {6--13},
	file = {Submitted Version:/home/cboettig/Zotero/storage/GPV8XKDP/Boettiger et al. - 2010 - Fluctuation domains in adaptive evolution.pdf:application/pdf}
}


@Book{knitr_book,
  title = {Dynamic Documents with {R} and knitr},
  author = {Yihui Xie},
  publisher = {Chapman and Hall/CRC},
  address = {Boca Raton, Florida},
  year = {2015},
  edition = {2nd},
  note = {ISBN 978-1498716963},
  url = {https://yihui.org/knitr/},
}

@InCollection{knitr,
  booktitle = {Implementing Reproducible Computational Research},
  editor = {Victoria Stodden and Friedrich Leisch and Roger D. Peng},
  title = {knitr: A Comprehensive Tool for Reproducible Research in {R}},
  author = {Yihui Xie},
  publisher = {Chapman and Hall/CRC},
  year = {2014},
  note = {ISBN 978-1466561595},
  url = {http://www.crcpress.com/product/isbn/9781466561595},
}

@Manual{knitr_pkg,
  title = {knitr: A General-Purpose Package for Dynamic Report Generation in R},
  author = {Yihui Xie},
  year = {2020},
  note = {R package version 1.28},
  url = {https://yihui.org/knitr/},
}


@article{Boettiger2015,
	title = {An introduction to {Docker} for reproducible research},
	volume = {49},
	issn = {01635980},
	url = {http://dl.acm.org/citation.cfm?doid=2723872.2723882},
	doi = {10.1145/2723872.2723882},
	language = {en},
	number = {1},
	urldate = {2020-02-07},
	journal = {ACM SIGOPS Operating Systems Review},
	author = {Boettiger, Carl},
	month = jan,
	year = {2015},
	pages = {71--79},
	file = {Submitted Version:/home/cboettig/Zotero/storage/DEFXGNK2/Boettiger - 2015 - An introduction to Docker for reproducible researc.pdf:application/pdf}
}

@article{Boettiger2017,
	title = {An {Introduction} to {Rocker}: {Docker} {Containers} for {R}},
	volume = {9},
	issn = {2073-4859},
	shorttitle = {An {Introduction} to {Rocker}},
	url = {https://journal.r-project.org/archive/2017/RJ-2017-065/index.html},
	doi = {10.32614/RJ-2017-065},
	language = {en},
	number = {2},
	urldate = {2020-02-07},
	journal = {The R Journal},
	author = {Boettiger, Carl and Eddelbuettel, Dirk},
	year = {2017},
	pages = {527},
	file = {Full Text:/home/cboettig/Zotero/storage/KG54CE4X/Boettiger and Eddelbuettel - 2017 - An Introduction to Rocker Docker Containers for R.pdf:application/pdf}
}


@article{Dieckmann1996,
	title = {The dynamical theory of coevolution: a derivation from stochastic ecological processes},
	volume = {34},
	issn = {0303-6812, 1432-1416},
	shorttitle = {The dynamical theory of coevolution},
	url = {http://link.springer.com/10.1007/BF02409751},
	doi = {10.1007/BF02409751},
	language = {en},
	number = {5-6},
	urldate = {2020-02-07},
	journal = {Journal of Mathematical Biology},
	author = {Dieckmann, Ulf and Law, Richard},
	month = may,
	year = {1996},
	pages = {579--612}
}

@article{TempleLang2007,
	title = {Statistical {Analyses} and {Reproducible} {Research}},
	volume = {16},
	issn = {1061-8600, 1537-2715},
	url = {http://www.tandfonline.com/doi/abs/10.1198/106186007X178663},
	doi = {10.1198/106186007X178663},
	language = {en},
	number = {1},
	urldate = {2020-02-07},
	journal = {Journal of Computational and Graphical Statistics},
	author = {Gentleman, Robert and Temple Lang, Duncan},
	month = mar,
	year = {2007},
	pages = {1--23},
	file = {Full Text:/home/cboettig/Zotero/storage/966QXT3Z/Gentleman and Temple Lang - 2007 - Statistical Analyses and Reproducible Research.pdf:application/pdf}
}

  @Manual{renv,
    title = {renv: Project Environments},
    author = {Kevin Ushey},
    year = {2019},
    note = {R package version 0.9.2},
    url = {https://CRAN.R-project.org/package=renv},
  }

  @Manual{packrat,
    title = {packrat: A Dependency Management System for Projects and their R Package
Dependencies},
    author = {Kevin Ushey and Jonathan McPherson and Joe Cheng and Aron Atkins and JJ Allaire},
    year = {2018},
    note = {R package version 0.5.0},
    url = {https://CRAN.R-project.org/package=packrat},
  }

  @Manual{rhub,
    title = {rhub: Connect to 'R-hub'},
    author = {Gábor Csárdi and Maëlle Salmon},
    year = {2019},
    note = {R package version 1.1.1},
    url = {https://CRAN.R-project.org/package=rhub},
  }